@inproceedings{arampatzis2008study,
  title={A study of query length},
  author={Arampatzis, Avi and Kamps, Jaap},
  booktitle={Proceedings of the 31st annual international ACM SIGIR conference on Research and development in information retrieval},
  pages={811--812},
  year={2008}
}
@article{cohen2009pearson,
  title={Pearson correlation coefficient},
  author={Cohen, Israel and Huang, Yiteng and Chen, Jingdong and Benesty, Jacob and Benesty, Jacob and Chen, Jingdong and Huang, Yiteng and Cohen, Israel},
  journal={Noise reduction in speech processing},
  pages={1--4},
  year={2009},
  publisher={Springer}
}
@inproceedings{dehak2010cosine,
  title={Cosine similarity scoring without score normalization techniques.},
  author={Dehak, Najim and Dehak, Reda and Glass, James R and Reynolds, Douglas A and Kenny, Patrick and others},
  booktitle={Odyssey},
  pages={15},
  year={2010}
}
@article{elmore2001euclidean,
  title={Euclidean distance as a similarity metric for principal component analysis},
  author={Elmore, Kimberly L and Richman, Michael B},
  journal={Monthly weather review},
  volume={129},
  number={3},
  pages={540--549},
  year={2001}
}
@article{firat2023chat,
  title={How chat GPT can transform autodidactic experiences and open education},
  author={Firat, Mehmet},
  journal={Department of Distance Education, Open Education Faculty, Anadolu Unive},
  year={2023}
}
@article{hill2023chat,
  title={A Chat (GPT) about the future of scientific publishing},
  author={Hill-Yardin, Elisa L and Hutchinson, Mark R and Laycock, Robin and Spencer, Sarah J},
  journal={Brain Behav Immun},
  volume={110},
  pages={152--154},
  year={2023}
}
@book{hillis2012google,
  title={Google and the Culture of Search},
  author={Hillis, Ken and Petit, Michael and Jarrett, Kylie},
  year={2012},
  publisher={Routledge}
}

@online{infomrmationpollution,
            Author = {Michael P. Lynch},
            Title = {The Disturbing Power of Information Pollution},
            year = {2019},
            url = {https://thereader.mitpress.mit.edu/disturbing-power-of-information-pollution/},
            urldate = {2023-05-28}}

@article{kalinina2018psychological,
  title={Psychological and pedagogical resources of security provision and prevention of internet risks and life threats among children and teenagers in the educational environment},
  author={Kalinina, Natalia V and Zaretskiy, Vladimir V and Salakhova, Valentina B and Artamonova, Elena G and Efimova, Olga I and Lekareva, Elena E},
  journal={Modern Journal of Language Teaching Methods},
  volume={8},
  number={8},
  pages={118--129},
  year={2018}
}
‌
@article{lavalley2008logistic,
  title={Logistic regression},
  author={LaValley, Michael P},
  journal={Circulation},
  volume={117},
  number={18},
  pages={2395--2399},
  year={2008},
  publisher={Am Heart Assoc}
}

@article{lo2023impact,
  title={What is the impact of ChatGPT on education? A rapid review of the literature},
  author={Lo, Chung Kwan},
  journal={Education Sciences},
  volume={13},
  number={4},
  pages={410},
  year={2023},
  publisher={MDPI}
}

@article{lovenheim2018does,
  title={Does choice increase information? Evidence from online school search behavior},
  author={Lovenheim, Michael F and Walsh, Patrick},
  journal={Economics of Education Review},
  volume={62},
  pages={91--103},
  year={2018},
  publisher={Elsevier}
}
@article{medhat2014sentiment,
  title={Sentiment analysis algorithms and applications: A survey},
  author={Medhat, Walaa and Hassan, Ahmed and Korashy, Hoda},
  journal={Ain Shams engineering journal},
  volume={5},
  number={4},
  pages={1093--1113},
  year={2014},
  publisher={Elsevier}
}

@article{meel2020fake,
  title={Fake news, rumor, information pollution in social media and web: A contemporary survey of state-of-the-arts, challenges and opportunities},
  author={Meel, Priyanka and Vishwakarma, Dinesh Kumar},
  journal={Expert Systems with Applications},
  volume={153},
  pages={112986},
  year={2020},
  publisher={Elsevier}
}

@inproceedings{mikheev1999named,
  title={Named entity recognition without gazetteers},
  author={Mikheev, Andrei and Moens, Marc and Grover, Claire},
  booktitle={Ninth Conference of the European Chapter of the Association for Computational Linguistics},
  pages={1--8},
  year={1999}
}

@inproceedings{niwattanakul2013using,
  title={Using of Jaccard coefficient for keywords similarity},
  author={Niwattanakul, Suphakit and Singthongchai, Jatsada and Naenudorn, Ekkachai and Wanapu, Supachanun},
  booktitle={Proceedings of the international multiconference of engineers and computer scientists},
  volume={1},
  number={6},
  pages={380--384},
  year={2013}
}

@article{pan2023risk,
  title={On the Risk of Misinformation Pollution with Large Language Models},
  author={Pan, Yikang and Pan, Liangming and Chen, Wenhu and Nakov, Preslav and Kan, Min-Yen and Wang, William Yang},
  journal={arXiv preprint arXiv:2305.13661},
  year={2023}
}

@article{pandita2014information,
  title={Information pollution, a mounting threat: internet a major causality},
  author={Pandita, Ramesh},
  journal={Journal of Information Science Theory and Practice},
  volume={2},
  number={4},
  pages={49--60},
  year={2014},
  publisher={Korea Institute of Science and Technology Information}
}

@book{shuster_poff_chen_kiela_weston_2021, title={Retrieval Augmentation Reduces Hallucination in Conversation}, url={https://aclanthology.org/2021.findings-emnlp.320.pdf}, author={Shuster, Kurt and Poff, Spencer and Chen, Moya and Kiela, Douwe and Weston, Jason}, year={2021}, pages={3784–3803}, publisher={Association for Computational Linguistics} }

@article{slone2003internet,
  title={Internet search approaches: The influence of age, search goals, and experience},
  author={Slone, Debra J},
  journal={Library \& Information Science Research},
  volume={25},
  number={4},
  pages={403--418},
  year={2003},
  publisher={Elsevier}
}

@book{Stru1899a,
		Author = {William Strunk and E. B. White},
		Title = {The Elements of Style},
		Edition = {4th},
		ISBN = {0-205-30902-X},
		Keywords = {},
		Publisher = {Longman Publishers},
		Year = {1899}}